[
  {
    "id": "1",
    "platform": "TikTok",
    "date": "2025-06-01",
    "spendActual": 2167277,
    "ordersDelivered": 19,
    "ordersReturned": 1,
    "netRevenue": 5363355,
    "platformFee": 275427,
    "returnFee": 145201
  },
  {
    "id": "2",
    "platform": "Facebook",
    "date": "2025-06-01",
    "spendActual": 4839533,
    "ordersDelivered": 22,
    "ordersReturned": 0,
    "netRevenue": 9905676,
    "platformFee": 495283,
    "returnFee": 0
  },
  {
    "id": "3",
    "platform": "Shopee",
    "date": "2025-06-01",
    "spendActual": 2162502,
    "ordersDelivered": 5,
    "ordersReturned": 7,
    "netRevenue": 1526238,
    "platformFee": 120837,
    "returnFee": 890512
  },
  {
    "id": "4",
    "platform": "TikTok",
    "date": "2025-06-02",
    "spendActual": 1282011,
    "ordersDelivered": 14,
    "ordersReturned": 7,
    "netRevenue": 3534594,
    "platformFee": 207472,
    "returnFee": 614852
  },
  {
    "id": "5",
    "platform": "Facebook",
    "date": "2025-06-02",
    "spendActual": 3212136,
    "ordersDelivered": 15,
    "ordersReturned": 9,
    "netRevenue": 3324351,
    "platformFee": 210113,
    "returnFee": 877914
  },
  {
    "id": "6",
    "platform": "Shopee",
    "date": "2025-06-02",
    "spendActual": 4227701,
    "ordersDelivered": 16,
    "ordersReturned": 6,
    "netRevenue": 4664878,
    "platformFee": 277786,
    "returnFee": 890850
  },
  {
    "id": "7",
    "platform": "TikTok",
    "date": "2025-06-03",
    "spendActual": 4506268,
    "ordersDelivered": 49,
    "ordersReturned": 2,
    "netRevenue": 21152171,
    "platformFee": 1063875,
    "returnFee": 125344
  },
  {
    "id": "8",
    "platform": "Facebook",
    "date": "2025-06-03",
    "spendActual": 1550509,
    "ordersDelivered": 8,
    "ordersReturned": 2,
    "netRevenue": 3257658,
    "platformFee": 173316,
    "returnFee": 208662
  },
  {
    "id": "9",
    "platform": "Shopee",
    "date": "2025-06-03",
    "spendActual": 1377202,
    "ordersDelivered": 24,
    "ordersReturned": 6,
    "netRevenue": 4991886,
    "platformFee": 267388,
    "returnFee": 355890
  },
  {
    "id": "10",
    "platform": "TikTok",
    "date": "2025-06-04",
    "spendActual": 2075613,
    "ordersDelivered": 44,
    "ordersReturned": 4,
    "netRevenue": 10546196,
    "platformFee": 543182,
    "returnFee": 317448
  },
  {
    "id": "11",
    "platform": "Facebook",
    "date": "2025-06-04",
    "spendActual": 3884769,
    "ordersDelivered": 17,
    "ordersReturned": 9,
    "netRevenue": 4278412,
    "platformFee": 262868,
    "returnFee": 978957
  },
  {
    "id": "12",
    "platform": "Shopee",
    "date": "2025-06-04",
    "spendActual": 641860,
    "ordersDelivered": 41,
    "ordersReturned": 3,
    "netRevenue": 11292787,
    "platformFee": 583995,
    "returnFee": 387129
  },
  {
    "id": "13",
    "platform": "TikTok",
    "date": "2025-06-05",
    "spendActual": 1214364,
    "ordersDelivered": 39,
    "ordersReturned": 7,
    "netRevenue": 17633215,
    "platformFee": 931222,
    "returnFee": 991235
  },
  {
    "id": "14",
    "platform": "Facebook",
    "date": "2025-06-05",
    "spendActual": 3118731,
    "ordersDelivered": 13,
    "ordersReturned": 1,
    "netRevenue": 4954667,
    "platformFee": 251350,
    "returnFee": 72342
  },
  {
    "id": "15",
    "platform": "Shopee",
    "date": "2025-06-05",
    "spendActual": 1568384,
    "ordersDelivered": 11,
    "ordersReturned": 4,
    "netRevenue": 4406756,
    "platformFee": 243909,
    "returnFee": 471436
  },
  {
    "id": "16",
    "platform": "TikTok",
    "date": "2025-06-06",
    "spendActual": 4696357,
    "ordersDelivered": 11,
    "ordersReturned": 1,
    "netRevenue": 3647615,
    "platformFee": 189751,
    "returnFee": 147407
  },
  {
    "id": "17",
    "platform": "Facebook",
    "date": "2025-06-06",
    "spendActual": 3602832,
    "ordersDelivered": 48,
    "ordersReturned": 10,
    "netRevenue": 9857678,
    "platformFee": 525770,
    "returnFee": 657730
  },
  {
    "id": "18",
    "platform": "Shopee",
    "date": "2025-06-06",
    "spendActual": 3627048,
    "ordersDelivered": 27,
    "ordersReturned": 3,
    "netRevenue": 8100915,
    "platformFee": 420793,
    "returnFee": 314958
  },
  {
    "id": "19",
    "platform": "TikTok",
    "date": "2025-06-07",
    "spendActual": 885667,
    "ordersDelivered": 47,
    "ordersReturned": 8,
    "netRevenue": 20433643,
    "platformFee": 1070878,
    "returnFee": 983928
  },
  {
    "id": "20",
    "platform": "Facebook",
    "date": "2025-06-07",
    "spendActual": 1138034,
    "ordersDelivered": 6,
    "ordersReturned": 9,
    "netRevenue": 278181,
    "platformFee": 76482,
    "returnFee": 1251477
  },
  {
    "id": "21",
    "platform": "Shopee",
    "date": "2025-06-07",
    "spendActual": 2536260,
    "ordersDelivered": 46,
    "ordersReturned": 4,
    "netRevenue": 15520034,
    "platformFee": 792034,
    "returnFee": 320664
  },
  {
    "id": "22",
    "platform": "TikTok",
    "date": "2025-06-08",
    "spendActual": 3219183,
    "ordersDelivered": 18,
    "ordersReturned": 5,
    "netRevenue": 7669707,
    "platformFee": 418733,
    "returnFee": 704955
  },
  {
    "id": "23",
    "platform": "Facebook",
    "date": "2025-06-08",
    "spendActual": 544769,
    "ordersDelivered": 30,
    "ordersReturned": 8,
    "netRevenue": 7745384,
    "platformFee": 412362,
    "returnFee": 501856
  },
  {
    "id": "24",
    "platform": "Shopee",
    "date": "2025-06-08",
    "spendActual": 2544701,
    "ordersDelivered": 5,
    "ordersReturned": 2,
    "netRevenue": 1843491,
    "platformFee": 100846,
    "returnFee": 173434
  },
  {
    "id": "25",
    "platform": "TikTok",
    "date": "2025-06-09",
    "spendActual": 3767502,
    "ordersDelivered": 15,
    "ordersReturned": 10,
    "netRevenue": 6034525,
    "platformFee": 336965,
    "returnFee": 704780
  },
  {
    "id": "26",
    "platform": "Facebook",
    "date": "2025-06-09",
    "spendActual": 4549359,
    "ordersDelivered": 23,
    "ordersReturned": 4,
    "netRevenue": 7598954,
    "platformFee": 390349,
    "returnFee": 208028
  },
  {
    "id": "27",
    "platform": "Shopee",
    "date": "2025-06-09",
    "spendActual": 1378991,
    "ordersDelivered": 43,
    "ordersReturned": 5,
    "netRevenue": 12723846,
    "platformFee": 659731,
    "returnFee": 470790
  },
  {
    "id": "28",
    "platform": "TikTok",
    "date": "2025-06-10",
    "spendActual": 1253778,
    "ordersDelivered": 14,
    "ordersReturned": 3,
    "netRevenue": 4740902,
    "platformFee": 249850,
    "returnFee": 256104
  },
  {
    "id": "29",
    "platform": "Facebook",
    "date": "2025-06-10",
    "spendActual": 2901731,
    "ordersDelivered": 39,
    "ordersReturned": 3,
    "netRevenue": 12018096,
    "platformFee": 623397,
    "returnFee": 449853
  },
  {
    "id": "30",
    "platform": "Shopee",
    "date": "2025-06-10",
    "spendActual": 3692389,
    "ordersDelivered": 7,
    "ordersReturned": 7,
    "netRevenue": 1585024,
    "platformFee": 122025,
    "returnFee": 855484
  },
  {
    "id": "31",
    "platform": "TikTok",
    "date": "2025-06-11",
    "spendActual": 3670072,
    "ordersDelivered": 42,
    "ordersReturned": 7,
    "netRevenue": 8974469,
    "platformFee": 495799,
    "returnFee": 941521
  },
  {
    "id": "32",
    "platform": "Facebook",
    "date": "2025-06-11",
    "spendActual": 3999456,
    "ordersDelivered": 37,
    "ordersReturned": 4,
    "netRevenue": 17589359,
    "platformFee": 900341,
    "returnFee": 417468
  },
  {
    "id": "33",
    "platform": "Shopee",
    "date": "2025-06-11",
    "spendActual": 1509091,
    "ordersDelivered": 43,
    "ordersReturned": 8,
    "netRevenue": 12549754,
    "platformFee": 686740,
    "returnFee": 1185048
  },
  {
    "id": "34",
    "platform": "TikTok",
    "date": "2025-06-12",
    "spendActual": 2046082,
    "ordersDelivered": 7,
    "ordersReturned": 10,
    "netRevenue": 2206585,
    "platformFee": 162744,
    "returnFee": 1048310
  },
  {
    "id": "35",
    "platform": "Facebook",
    "date": "2025-06-12",
    "spendActual": 1615019,
    "ordersDelivered": 38,
    "ordersReturned": 8,
    "netRevenue": 17635102,
    "platformFee": 925187,
    "returnFee": 868656
  },
  {
    "id": "36",
    "platform": "Shopee",
    "date": "2025-06-12",
    "spendActual": 3860893,
    "ordersDelivered": 7,
    "ordersReturned": 9,
    "netRevenue": 609475,
    "platformFee": 85928,
    "returnFee": 1109088
  },
  {
    "id": "37",
    "platform": "TikTok",
    "date": "2025-06-13",
    "spendActual": 3039985,
    "ordersDelivered": 22,
    "ordersReturned": 6,
    "netRevenue": 9315762,
    "platformFee": 503560,
    "returnFee": 755442
  },
  {
    "id": "38",
    "platform": "Facebook",
    "date": "2025-06-13",
    "spendActual": 4984979,
    "ordersDelivered": 8,
    "ordersReturned": 6,
    "netRevenue": 1127084,
    "platformFee": 80936,
    "returnFee": 491652
  },
  {
    "id": "39",
    "platform": "Shopee",
    "date": "2025-06-13",
    "spendActual": 2738086,
    "ordersDelivered": 47,
    "ordersReturned": 6,
    "netRevenue": 22595133,
    "platformFee": 1168981,
    "returnFee": 784500
  },
  {
    "id": "40",
    "platform": "TikTok",
    "date": "2025-06-14",
    "spendActual": 2857555,
    "ordersDelivered": 25,
    "ordersReturned": 7,
    "netRevenue": 4968039,
    "platformFee": 271055,
    "returnFee": 453061
  },
  {
    "id": "41",
    "platform": "Facebook",
    "date": "2025-06-14",
    "spendActual": 3489369,
    "ordersDelivered": 34,
    "ordersReturned": 2,
    "netRevenue": 12225950,
    "platformFee": 621593,
    "returnFee": 205912
  },
  {
    "id": "42",
    "platform": "Shopee",
    "date": "2025-06-14",
    "spendActual": 3519478,
    "ordersDelivered": 42,
    "ordersReturned": 5,
    "netRevenue": 16791389,
    "platformFee": 868039,
    "returnFee": 569395
  },
  {
    "id": "43",
    "platform": "TikTok",
    "date": "2025-06-15",
    "spendActual": 726566,
    "ordersDelivered": 7,
    "ordersReturned": 5,
    "netRevenue": 1624503,
    "platformFee": 100162,
    "returnFee": 378750
  },
  {
    "id": "44",
    "platform": "Facebook",
    "date": "2025-06-15",
    "spendActual": 966313,
    "ordersDelivered": 10,
    "ordersReturned": 4,
    "netRevenue": 4098170,
    "platformFee": 224382,
    "returnFee": 389480
  },
  {
    "id": "45",
    "platform": "Shopee",
    "date": "2025-06-15",
    "spendActual": 3905400,
    "ordersDelivered": 43,
    "ordersReturned": 4,
    "netRevenue": 13029895,
    "platformFee": 676331,
    "returnFee": 496744
  },
  {
    "id": "46",
    "platform": "TikTok",
    "date": "2025-06-16",
    "spendActual": 4170275,
    "ordersDelivered": 33,
    "ordersReturned": 0,
    "netRevenue": 15960417,
    "platformFee": 798020,
    "returnFee": 0
  },
  {
    "id": "47",
    "platform": "Facebook",
    "date": "2025-06-16",
    "spendActual": 3546188,
    "ordersDelivered": 40,
    "ordersReturned": 0,
    "netRevenue": 16928880,
    "platformFee": 846444,
    "returnFee": 0
  },
  {
    "id": "48",
    "platform": "Shopee",
    "date": "2025-06-16",
    "spendActual": 2589745,
    "ordersDelivered": 5,
    "ordersReturned": 2,
    "netRevenue": 1972239,
    "platformFee": 106675,
    "returnFee": 161266
  },
  {
    "id": "49",
    "platform": "TikTok",
    "date": "2025-06-17",
    "spendActual": 1373554,
    "ordersDelivered": 26,
    "ordersReturned": 4,
    "netRevenue": 10573386,
    "platformFee": 553640,
    "returnFee": 499416
  },
  {
    "id": "50",
    "platform": "Facebook",
    "date": "2025-06-17",
    "spendActual": 1164612,
    "ordersDelivered": 33,
    "ordersReturned": 0,
    "netRevenue": 6624783,
    "platformFee": 331239,
    "returnFee": 0
  },
  {
    "id": "51",
    "platform": "Shopee",
    "date": "2025-06-17",
    "spendActual": 2610639,
    "ordersDelivered": 12,
    "ordersReturned": 6,
    "netRevenue": 3093468,
    "platformFee": 193687,
    "returnFee": 780276
  },
  {
    "id": "52",
    "platform": "TikTok",
    "date": "2025-06-18",
    "spendActual": 4200228,
    "ordersDelivered": 31,
    "ordersReturned": 9,
    "netRevenue": 11713442,
    "platformFee": 625321,
    "returnFee": 792981
  },
  {
    "id": "53",
    "platform": "Facebook",
    "date": "2025-06-18",
    "spendActual": 3638939,
    "ordersDelivered": 45,
    "ordersReturned": 3,
    "netRevenue": 20443032,
    "platformFee": 1040517,
    "returnFee": 367308
  },
  {
    "id": "54",
    "platform": "Shopee",
    "date": "2025-06-18",
    "spendActual": 1267393,
    "ordersDelivered": 39,
    "ordersReturned": 3,
    "netRevenue": 17773824,
    "platformFee": 903639,
    "returnFee": 298971
  },
  {
    "id": "55",
    "platform": "TikTok",
    "date": "2025-06-19",
    "spendActual": 3689645,
    "ordersDelivered": 42,
    "ordersReturned": 1,
    "netRevenue": 15023096,
    "platformFee": 757782,
    "returnFee": 132562
  },
  {
    "id": "56",
    "platform": "Facebook",
    "date": "2025-06-19",
    "spendActual": 1207699,
    "ordersDelivered": 23,
    "ordersReturned": 0,
    "netRevenue": 10665629,
    "platformFee": 533281,
    "returnFee": 0
  },
  {
    "id": "57",
    "platform": "Shopee",
    "date": "2025-06-19",
    "spendActual": 1653001,
    "ordersDelivered": 12,
    "ordersReturned": 10,
    "netRevenue": 3542106,
    "platformFee": 231217,
    "returnFee": 1082250
  },
  {
    "id": "58",
    "platform": "TikTok",
    "date": "2025-06-20",
    "spendActual": 2646757,
    "ordersDelivered": 50,
    "ordersReturned": 0,
    "netRevenue": 12931500,
    "platformFee": 646575,
    "returnFee": 0
  },
  {
    "id": "59",
    "platform": "Facebook",
    "date": "2025-06-20",
    "spendActual": 1292138,
    "ordersDelivered": 7,
    "ordersReturned": 10,
    "netRevenue": 1792470,
    "platformFee": 122465,
    "returnFee": 656830
  },
  {
    "id": "60",
    "platform": "Shopee",
    "date": "2025-06-20",
    "spendActual": 3158458,
    "ordersDelivered": 17,
    "ordersReturned": 8,
    "netRevenue": 4455216,
    "platformFee": 251899,
    "returnFee": 582768
  },
  {
    "id": "61",
    "platform": "TikTok",
    "date": "2025-06-21",
    "spendActual": 1613803,
    "ordersDelivered": 39,
    "ordersReturned": 1,
    "netRevenue": 16299780,
    "platformFee": 817902,
    "returnFee": 58263
  },
  {
    "id": "62",
    "platform": "Facebook",
    "date": "2025-06-21",
    "spendActual": 1619689,
    "ordersDelivered": 49,
    "ordersReturned": 6,
    "netRevenue": 19121595,
    "platformFee": 1000018,
    "returnFee": 878784
  },
  {
    "id": "63",
    "platform": "Shopee",
    "date": "2025-06-21",
    "spendActual": 3879097,
    "ordersDelivered": 47,
    "ordersReturned": 7,
    "netRevenue": 22106965,
    "platformFee": 1147906,
    "returnFee": 851172
  },
  {
    "id": "64",
    "platform": "TikTok",
    "date": "2025-06-22",
    "spendActual": 2047504,
    "ordersDelivered": 16,
    "ordersReturned": 5,
    "netRevenue": 3148059,
    "platformFee": 182751,
    "returnFee": 506965
  },
  {
    "id": "65",
    "platform": "Facebook",
    "date": "2025-06-22",
    "spendActual": 3935151,
    "ordersDelivered": 25,
    "ordersReturned": 1,
    "netRevenue": 7942207,
    "platformFee": 401963,
    "returnFee": 97068
  },
  {
    "id": "66",
    "platform": "Shopee",
    "date": "2025-06-22",
    "spendActual": 4755162,
    "ordersDelivered": 37,
    "ordersReturned": 4,
    "netRevenue": 12851480,
    "platformFee": 672016,
    "returnFee": 588844
  },
  {
    "id": "67",
    "platform": "TikTok",
    "date": "2025-06-23",
    "spendActual": 919989,
    "ordersDelivered": 25,
    "ordersReturned": 6,
    "netRevenue": 9007269,
    "platformFee": 475053,
    "returnFee": 493806
  },
  {
    "id": "68",
    "platform": "Facebook",
    "date": "2025-06-23",
    "spendActual": 3945152,
    "ordersDelivered": 35,
    "ordersReturned": 10,
    "netRevenue": 10032055,
    "platformFee": 569752,
    "returnFee": 1363000
  },
  {
    "id": "69",
    "platform": "Shopee",
    "date": "2025-06-23",
    "spendActual": 3625359,
    "ordersDelivered": 41,
    "ordersReturned": 4,
    "netRevenue": 12972261,
    "platformFee": 671286,
    "returnFee": 453476
  },
  {
    "id": "70",
    "platform": "TikTok",
    "date": "2025-06-24",
    "spendActual": 1753408,
    "ordersDelivered": 40,
    "ordersReturned": 7,
    "netRevenue": 15248327,
    "platformFee": 813012,
    "returnFee": 1011913
  },
  {
    "id": "71",
    "platform": "Facebook",
    "date": "2025-06-24",
    "spendActual": 1452622,
    "ordersDelivered": 12,
    "ordersReturned": 8,
    "netRevenue": 4068420,
    "platformFee": 252867,
    "returnFee": 988920
  },
  {
    "id": "72",
    "platform": "Shopee",
    "date": "2025-06-24",
    "spendActual": 4654447,
    "ordersDelivered": 37,
    "ordersReturned": 0,
    "netRevenue": 8606126,
    "platformFee": 430306,
    "returnFee": 0
  },
  {
    "id": "73",
    "platform": "TikTok",
    "date": "2025-06-25",
    "spendActual": 607732,
    "ordersDelivered": 16,
    "ordersReturned": 10,
    "netRevenue": 5804000,
    "platformFee": 359232,
    "returnFee": 1380640
  },
  {
    "id": "74",
    "platform": "Facebook",
    "date": "2025-06-25",
    "spendActual": 1828004,
    "ordersDelivered": 49,
    "ordersReturned": 2,
    "netRevenue": 14868972,
    "platformFee": 753281,
    "returnFee": 196666
  },
  {
    "id": "75",
    "platform": "Shopee",
    "date": "2025-06-25",
    "spendActual": 4345611,
    "ordersDelivered": 12,
    "ordersReturned": 2,
    "netRevenue": 3496102,
    "platformFee": 189250,
    "returnFee": 288914
  },
  {
    "id": "76",
    "platform": "TikTok",
    "date": "2025-06-26",
    "spendActual": 864035,
    "ordersDelivered": 19,
    "ordersReturned": 5,
    "netRevenue": 4527501,
    "platformFee": 262213,
    "returnFee": 716765
  },
  {
    "id": "77",
    "platform": "Facebook",
    "date": "2025-06-26",
    "spendActual": 1523119,
    "ordersDelivered": 49,
    "ordersReturned": 8,
    "netRevenue": 15011676,
    "platformFee": 804629,
    "returnFee": 1080904
  },
  {
    "id": "78",
    "platform": "Shopee",
    "date": "2025-06-26",
    "spendActual": 2315088,
    "ordersDelivered": 26,
    "ordersReturned": 8,
    "netRevenue": 10630180,
    "platformFee": 580021,
    "returnFee": 970240
  },
  {
    "id": "79",
    "platform": "TikTok",
    "date": "2025-06-27",
    "spendActual": 3704330,
    "ordersDelivered": 25,
    "ordersReturned": 1,
    "netRevenue": 8965795,
    "platformFee": 452521,
    "returnFee": 84630
  },
  {
    "id": "80",
    "platform": "Facebook",
    "date": "2025-06-27",
    "spendActual": 3389486,
    "ordersDelivered": 44,
    "ordersReturned": 8,
    "netRevenue": 11528964,
    "platformFee": 614695,
    "returnFee": 764944
  },
  {
    "id": "81",
    "platform": "Shopee",
    "date": "2025-06-27",
    "spendActual": 4192965,
    "ordersDelivered": 23,
    "ordersReturned": 0,
    "netRevenue": 6603116,
    "platformFee": 330155,
    "returnFee": 0
  },
  {
    "id": "82",
    "platform": "TikTok",
    "date": "2025-06-28",
    "spendActual": 4948356,
    "ordersDelivered": 26,
    "ordersReturned": 5,
    "netRevenue": 6873794,
    "platformFee": 374977,
    "returnFee": 625750
  },
  {
    "id": "83",
    "platform": "Facebook",
    "date": "2025-06-28",
    "spendActual": 4349011,
    "ordersDelivered": 47,
    "ordersReturned": 2,
    "netRevenue": 16754314,
    "platformFee": 845769,
    "returnFee": 161080
  },
  {
    "id": "84",
    "platform": "Shopee",
    "date": "2025-06-28",
    "spendActual": 1083574,
    "ordersDelivered": 42,
    "ordersReturned": 4,
    "netRevenue": 11515590,
    "platformFee": 596234,
    "returnFee": 409092
  },
  {
    "id": "85",
    "platform": "TikTok",
    "date": "2025-06-29",
    "spendActual": 4553271,
    "ordersDelivered": 35,
    "ordersReturned": 5,
    "netRevenue": 15340990,
    "platformFee": 781054,
    "returnFee": 280105
  },
  {
    "id": "86",
    "platform": "Facebook",
    "date": "2025-06-29",
    "spendActual": 1915361,
    "ordersDelivered": 36,
    "ordersReturned": 8,
    "netRevenue": 13798120,
    "platformFee": 737467,
    "returnFee": 951224
  },
  {
    "id": "87",
    "platform": "Shopee",
    "date": "2025-06-29",
    "spendActual": 537666,
    "ordersDelivered": 10,
    "ordersReturned": 9,
    "netRevenue": 3861549,
    "platformFee": 238297,
    "returnFee": 904401
  },
  {
    "id": "88",
    "platform": "TikTok",
    "date": "2025-06-30",
    "spendActual": 1907022,
    "ordersDelivered": 43,
    "ordersReturned": 6,
    "netRevenue": 15476404,
    "platformFee": 798621,
    "returnFee": 496032
  },
  {
    "id": "89",
    "platform": "Facebook",
    "date": "2025-06-30",
    "spendActual": 4490761,
    "ordersDelivered": 15,
    "ordersReturned": 8,
    "netRevenue": 5774688,
    "platformFee": 328446,
    "returnFee": 794232
  },
  {
    "id": "90",
    "platform": "Shopee",
    "date": "2025-06-30",
    "spendActual": 2128414,
    "ordersDelivered": 45,
    "ordersReturned": 9,
    "netRevenue": 15772410,
    "platformFee": 821232,
    "returnFee": 652230
  },
  {
    "id": "91",
    "platform": "TikTok",
    "date": "2025-07-01",
    "spendActual": 2131102,
    "ordersDelivered": 10,
    "ordersReturned": 0,
    "netRevenue": 3157840,
    "platformFee": 157892,
    "returnFee": 0
  },
  {
    "id": "92",
    "platform": "Facebook",
    "date": "2025-07-01",
    "spendActual": 2327760,
    "ordersDelivered": 19,
    "ordersReturned": 10,
    "netRevenue": 7491143,
    "platformFee": 423412,
    "returnFee": 977100
  },
  {
    "id": "93",
    "platform": "Shopee",
    "date": "2025-07-01",
    "spendActual": 3087386,
    "ordersDelivered": 21,
    "ordersReturned": 4,
    "netRevenue": 9063275,
    "platformFee": 478458,
    "returnFee": 505900
  },
  {
    "id": "94",
    "platform": "TikTok",
    "date": "2025-07-02",
    "spendActual": 1027871,
    "ordersDelivered": 48,
    "ordersReturned": 9,
    "netRevenue": 18786282,
    "platformFee": 999127,
    "returnFee": 1196262
  },
  {
    "id": "95",
    "platform": "Facebook",
    "date": "2025-07-02",
    "spendActual": 952059,
    "ordersDelivered": 13,
    "ordersReturned": 2,
    "netRevenue": 3577250,
    "platformFee": 189606,
    "returnFee": 214876
  },
  {
    "id": "96",
    "platform": "Shopee",
    "date": "2025-07-02",
    "spendActual": 4782123,
    "ordersDelivered": 42,
    "ordersReturned": 9,
    "netRevenue": 10767018,
    "platformFee": 603191,
    "returnFee": 1296810
  },
  {
    "id": "97",
    "platform": "TikTok",
    "date": "2025-07-03",
    "spendActual": 2027622,
    "ordersDelivered": 46,
    "ordersReturned": 10,
    "netRevenue": 13832118,
    "platformFee": 764687,
    "returnFee": 1461640
  },
  {
    "id": "98",
    "platform": "Facebook",
    "date": "2025-07-03",
    "spendActual": 4387904,
    "ordersDelivered": 10,
    "ordersReturned": 10,
    "netRevenue": 2864110,
    "platformFee": 201120,
    "returnFee": 1158300
  },
  {
    "id": "99",
    "platform": "Shopee",
    "date": "2025-07-03",
    "spendActual": 4472155,
    "ordersDelivered": 32,
    "ordersReturned": 7,
    "netRevenue": 9265567,
    "platformFee": 512073,
    "returnFee": 975905
  },
  {
    "id": "100",
    "platform": "TikTok",
    "date": "2025-07-04",
    "spendActual": 1864316,
    "ordersDelivered": 40,
    "ordersReturned": 6,
    "netRevenue": 14590250,
    "platformFee": 769918,
    "returnFee": 808110
  },
  {
    "id": "101",
    "platform": "Facebook",
    "date": "2025-07-04",
    "spendActual": 2689270,
    "ordersDelivered": 12,
    "ordersReturned": 9,
    "netRevenue": 1666938,
    "platformFee": 143322,
    "returnFee": 1199502
  },
  {
    "id": "102",
    "platform": "Shopee",
    "date": "2025-07-04",
    "spendActual": 1874133,
    "ordersDelivered": 11,
    "ordersReturned": 0,
    "netRevenue": 2573978,
    "platformFee": 128698,
    "returnFee": 0
  },
  {
    "id": "103",
    "platform": "TikTok",
    "date": "2025-07-05",
    "spendActual": 4928747,
    "ordersDelivered": 38,
    "ordersReturned": 8,
    "netRevenue": 12671640,
    "platformFee": 675708,
    "returnFee": 842528
  },
  {
    "id": "104",
    "platform": "Facebook",
    "date": "2025-07-05",
    "spendActual": 582676,
    "ordersDelivered": 35,
    "ordersReturned": 0,
    "netRevenue": 13023500,
    "platformFee": 651175,
    "returnFee": 0
  },
  {
    "id": "105",
    "platform": "Shopee",
    "date": "2025-07-05",
    "spendActual": 1230708,
    "ordersDelivered": 18,
    "ordersReturned": 8,
    "netRevenue": 4222620,
    "platformFee": 262845,
    "returnFee": 1034280
  },
  {
    "id": "106",
    "platform": "TikTok",
    "date": "2025-07-06",
    "spendActual": 3039223,
    "ordersDelivered": 24,
    "ordersReturned": 8,
    "netRevenue": 4606880,
    "platformFee": 253737,
    "returnFee": 467872
  },
  {
    "id": "107",
    "platform": "Facebook",
    "date": "2025-07-06",
    "spendActual": 2275123,
    "ordersDelivered": 35,
    "ordersReturned": 3,
    "netRevenue": 9549303,
    "platformFee": 493510,
    "returnFee": 320907
  },
  {
    "id": "108",
    "platform": "Shopee",
    "date": "2025-07-06",
    "spendActual": 2633169,
    "ordersDelivered": 50,
    "ordersReturned": 9,
    "netRevenue": 19433402,
    "platformFee": 1000660,
    "returnFee": 579798
  },
  {
    "id": "109",
    "platform": "TikTok",
    "date": "2025-07-07",
    "spendActual": 555302,
    "ordersDelivered": 45,
    "ordersReturned": 8,
    "netRevenue": 19887359,
    "platformFee": 1045068,
    "returnFee": 1014016
  },
  {
    "id": "110",
    "platform": "Facebook",
    "date": "2025-07-07",
    "spendActual": 3297897,
    "ordersDelivered": 16,
    "ordersReturned": 6,
    "netRevenue": 7363524,
    "platformFee": 384530,
    "returnFee": 327084
  },
  {
    "id": "111",
    "platform": "Shopee",
    "date": "2025-07-07",
    "spendActual": 1220641,
    "ordersDelivered": 49,
    "ordersReturned": 4,
    "netRevenue": 19532150,
    "platformFee": 992519,
    "returnFee": 318240
  },
  {
    "id": "112",
    "platform": "TikTok",
    "date": "2025-07-08",
    "spendActual": 4139885,
    "ordersDelivered": 36,
    "ordersReturned": 5,
    "netRevenue": 14764441,
    "platformFee": 769780,
    "returnFee": 631175
  },
  {
    "id": "113",
    "platform": "Facebook",
    "date": "2025-07-08",
    "spendActual": 4105817,
    "ordersDelivered": 30,
    "ordersReturned": 7,
    "netRevenue": 11668542,
    "platformFee": 625782,
    "returnFee": 847098
  },
  {
    "id": "114",
    "platform": "Shopee",
    "date": "2025-07-08",
    "spendActual": 2452549,
    "ordersDelivered": 35,
    "ordersReturned": 7,
    "netRevenue": 11015263,
    "platformFee": 585380,
    "returnFee": 692342
  },
  {
    "id": "115",
    "platform": "TikTok",
    "date": "2025-07-09",
    "spendActual": 4741876,
    "ordersDelivered": 45,
    "ordersReturned": 4,
    "netRevenue": 21346740,
    "platformFee": 1091358,
    "returnFee": 480420
  },
  {
    "id": "116",
    "platform": "Facebook",
    "date": "2025-07-09",
    "spendActual": 3287696,
    "ordersDelivered": 9,
    "ordersReturned": 0,
    "netRevenue": 4159971,
    "platformFee": 207998,
    "returnFee": 0
  },
  {
    "id": "117",
    "platform": "Shopee",
    "date": "2025-07-09",
    "spendActual": 4357927,
    "ordersDelivered": 18,
    "ordersReturned": 3,
    "netRevenue": 5008215,
    "platformFee": 258829,
    "returnFee": 168369
  },
  {
    "id": "118",
    "platform": "TikTok",
    "date": "2025-07-10",
    "spendActual": 822601,
    "ordersDelivered": 5,
    "ordersReturned": 1,
    "netRevenue": 1033346,
    "platformFee": 58204,
    "returnFee": 130734
  },
  {
    "id": "119",
    "platform": "Facebook",
    "date": "2025-07-10",
    "spendActual": 563251,
    "ordersDelivered": 40,
    "ordersReturned": 3,
    "netRevenue": 18397359,
    "platformFee": 937746,
    "returnFee": 357561
  },
  {
    "id": "120",
    "platform": "Shopee",
    "date": "2025-07-10",
    "spendActual": 1514991,
    "ordersDelivered": 19,
    "ordersReturned": 1,
    "netRevenue": 6591794,
    "platformFee": 334518,
    "returnFee": 98581
  },
  {
    "id": "121",
    "platform": "TikTok",
    "date": "2025-07-11",
    "spendActual": 2925850,
    "ordersDelivered": 50,
    "ordersReturned": 7,
    "netRevenue": 14359387,
    "platformFee": 745062,
    "returnFee": 541863
  },
  {
    "id": "122",
    "platform": "Facebook",
    "date": "2025-07-11",
    "spendActual": 1481140,
    "ordersDelivered": 32,
    "ordersReturned": 6,
    "netRevenue": 11677430,
    "platformFee": 604307,
    "returnFee": 408714
  },
  {
    "id": "123",
    "platform": "Shopee",
    "date": "2025-07-11",
    "spendActual": 2585604,
    "ordersDelivered": 37,
    "ordersReturned": 2,
    "netRevenue": 14686725,
    "platformFee": 741670,
    "returnFee": 146686
  },
  {
    "id": "124",
    "platform": "TikTok",
    "date": "2025-07-12",
    "spendActual": 4692474,
    "ordersDelivered": 36,
    "ordersReturned": 0,
    "netRevenue": 15222744,
    "platformFee": 761137,
    "returnFee": 0
  },
  {
    "id": "125",
    "platform": "Facebook",
    "date": "2025-07-12",
    "spendActual": 586940,
    "ordersDelivered": 45,
    "ordersReturned": 1,
    "netRevenue": 10286468,
    "platformFee": 517081,
    "returnFee": 55162
  },
  {
    "id": "126",
    "platform": "Shopee",
    "date": "2025-07-12",
    "spendActual": 684500,
    "ordersDelivered": 24,
    "ordersReturned": 8,
    "netRevenue": 8467888,
    "platformFee": 474828,
    "returnFee": 1028672
  },
  {
    "id": "127",
    "platform": "TikTok",
    "date": "2025-07-13",
    "spendActual": 3029546,
    "ordersDelivered": 42,
    "ordersReturned": 6,
    "netRevenue": 16159212,
    "platformFee": 826068,
    "returnFee": 362160
  },
  {
    "id": "128",
    "platform": "Facebook",
    "date": "2025-07-13",
    "spendActual": 1660465,
    "ordersDelivered": 42,
    "ordersReturned": 10,
    "netRevenue": 7861122,
    "platformFee": 424097,
    "returnFee": 620820
  },
  {
    "id": "129",
    "platform": "Shopee",
    "date": "2025-07-13",
    "spendActual": 3382304,
    "ordersDelivered": 16,
    "ordersReturned": 8,
    "netRevenue": 2425120,
    "platformFee": 161277,
    "returnFee": 800432
  },
  {
    "id": "130",
    "platform": "TikTok",
    "date": "2025-07-14",
    "spendActual": 2163874,
    "ordersDelivered": 13,
    "ordersReturned": 9,
    "netRevenue": 1780616,
    "platformFee": 144866,
    "returnFee": 1116720
  },
  {
    "id": "131",
    "platform": "Facebook",
    "date": "2025-07-14",
    "spendActual": 1995370,
    "ordersDelivered": 43,
    "ordersReturned": 9,
    "netRevenue": 16207718,
    "platformFee": 850843,
    "returnFee": 809145
  },
  {
    "id": "132",
    "platform": "Shopee",
    "date": "2025-07-14",
    "spendActual": 4944944,
    "ordersDelivered": 21,
    "ordersReturned": 8,
    "netRevenue": 8014691,
    "platformFee": 429768,
    "returnFee": 580672
  },
  {
    "id": "133",
    "platform": "TikTok",
    "date": "2025-07-15",
    "spendActual": 3892140,
    "ordersDelivered": 50,
    "ordersReturned": 6,
    "netRevenue": 24098736,
    "platformFee": 1241257,
    "returnFee": 726414
  },
  {
    "id": "134",
    "platform": "Facebook",
    "date": "2025-07-15",
    "spendActual": 1424288,
    "ordersDelivered": 18,
    "ordersReturned": 1,
    "netRevenue": 3674251,
    "platformFee": 188731,
    "returnFee": 100385
  },
  {
    "id": "135",
    "platform": "Shopee",
    "date": "2025-07-15",
    "spendActual": 4051830,
    "ordersDelivered": 12,
    "ordersReturned": 6,
    "netRevenue": 3899814,
    "platformFee": 222502,
    "returnFee": 550242
  },
  {
    "id": "136",
    "platform": "TikTok",
    "date": "2025-07-16",
    "spendActual": 2171718,
    "ordersDelivered": 49,
    "ordersReturned": 2,
    "netRevenue": 19100403,
    "platformFee": 964204,
    "returnFee": 183694
  },
  {
    "id": "137",
    "platform": "Facebook",
    "date": "2025-07-16",
    "spendActual": 4422786,
    "ordersDelivered": 40,
    "ordersReturned": 2,
    "netRevenue": 17920874,
    "platformFee": 906050,
    "returnFee": 200126
  },
  {
    "id": "138",
    "platform": "Shopee",
    "date": "2025-07-16",
    "spendActual": 792265,
    "ordersDelivered": 39,
    "ordersReturned": 9,
    "netRevenue": 15903114,
    "platformFee": 840274,
    "returnFee": 902376
  },
  {
    "id": "139",
    "platform": "TikTok",
    "date": "2025-07-17",
    "spendActual": 1832384,
    "ordersDelivered": 38,
    "ordersReturned": 0,
    "netRevenue": 15850750,
    "platformFee": 792537,
    "returnFee": 0
  },
  {
    "id": "140",
    "platform": "Facebook",
    "date": "2025-07-17",
    "spendActual": 1377403,
    "ordersDelivered": 31,
    "ordersReturned": 10,
    "netRevenue": 10373880,
    "platformFee": 548111,
    "returnFee": 588340
  },
  {
    "id": "141",
    "platform": "Shopee",
    "date": "2025-07-17",
    "spendActual": 3472767,
    "ordersDelivered": 5,
    "ordersReturned": 3,
    "netRevenue": 893591,
    "platformFee": 62469,
    "returnFee": 355794
  },
  {
    "id": "142",
    "platform": "TikTok",
    "date": "2025-07-18",
    "spendActual": 4374791,
    "ordersDelivered": 43,
    "ordersReturned": 5,
    "netRevenue": 14809840,
    "platformFee": 753994,
    "returnFee": 270045
  },
  {
    "id": "143",
    "platform": "Facebook",
    "date": "2025-07-18",
    "spendActual": 3179502,
    "ordersDelivered": 33,
    "ordersReturned": 2,
    "netRevenue": 11308728,
    "platformFee": 576087,
    "returnFee": 213024
  },
  {
    "id": "144",
    "platform": "Shopee",
    "date": "2025-07-18",
    "spendActual": 4995325,
    "ordersDelivered": 36,
    "ordersReturned": 1,
    "netRevenue": 11201951,
    "platformFee": 564060,
    "returnFee": 79261
  },
  {
    "id": "145",
    "platform": "TikTok",
    "date": "2025-07-19",
    "spendActual": 3432223,
    "ordersDelivered": 7,
    "ordersReturned": 7,
    "netRevenue": 1312031,
    "platformFee": 108332,
    "returnFee": 854616
  },
  {
    "id": "146",
    "platform": "Facebook",
    "date": "2025-07-19",
    "spendActual": 3419482,
    "ordersDelivered": 16,
    "ordersReturned": 9,
    "netRevenue": 4999203,
    "platformFee": 289785,
    "returnFee": 796509
  },
  {
    "id": "147",
    "platform": "Shopee",
    "date": "2025-07-19",
    "spendActual": 1441279,
    "ordersDelivered": 18,
    "ordersReturned": 5,
    "netRevenue": 7391225,
    "platformFee": 404230,
    "returnFee": 693385
  },
  {
    "id": "148",
    "platform": "TikTok",
    "date": "2025-07-20",
    "spendActual": 1085827,
    "ordersDelivered": 46,
    "ordersReturned": 3,
    "netRevenue": 16373804,
    "platformFee": 834373,
    "returnFee": 313662
  },
  {
    "id": "149",
    "platform": "Facebook",
    "date": "2025-07-20",
    "spendActual": 698708,
    "ordersDelivered": 24,
    "ordersReturned": 2,
    "netRevenue": 10428942,
    "platformFee": 534067,
    "returnFee": 252402
  },
  {
    "id": "150",
    "platform": "Shopee",
    "date": "2025-07-20",
    "spendActual": 2934211,
    "ordersDelivered": 24,
    "ordersReturned": 0,
    "netRevenue": 10274832,
    "platformFee": 513741,
    "returnFee": 0
  },
  {
    "id": "151",
    "platform": "TikTok",
    "date": "2025-07-21",
    "spendActual": 4097464,
    "ordersDelivered": 27,
    "ordersReturned": 9,
    "netRevenue": 6654636,
    "platformFee": 372280,
    "returnFee": 790965
  },
  {
    "id": "152",
    "platform": "Facebook",
    "date": "2025-07-21",
    "spendActual": 3293296,
    "ordersDelivered": 34,
    "ordersReturned": 6,
    "netRevenue": 9572564,
    "platformFee": 514950,
    "returnFee": 726444
  },
  {
    "id": "153",
    "platform": "Shopee",
    "date": "2025-07-21",
    "spendActual": 3103946,
    "ordersDelivered": 27,
    "ordersReturned": 5,
    "netRevenue": 6452098,
    "platformFee": 356540,
    "returnFee": 678710
  },
  {
    "id": "154",
    "platform": "TikTok",
    "date": "2025-07-22",
    "spendActual": 4587368,
    "ordersDelivered": 12,
    "ordersReturned": 3,
    "netRevenue": 4874193,
    "platformFee": 262583,
    "returnFee": 377475
  },
  {
    "id": "155",
    "platform": "Facebook",
    "date": "2025-07-22",
    "spendActual": 4524455,
    "ordersDelivered": 5,
    "ordersReturned": 10,
    "netRevenue": 259575,
    "platformFee": 78996,
    "returnFee": 1320360
  },
  {
    "id": "156",
    "platform": "Shopee",
    "date": "2025-07-22",
    "spendActual": 2076086,
    "ordersDelivered": 14,
    "ordersReturned": 2,
    "netRevenue": 4697466,
    "platformFee": 246719,
    "returnFee": 236932
  },
  {
    "id": "157",
    "platform": "TikTok",
    "date": "2025-07-23",
    "spendActual": 1873127,
    "ordersDelivered": 20,
    "ordersReturned": 0,
    "netRevenue": 6722500,
    "platformFee": 336125,
    "returnFee": 0
  },
  {
    "id": "158",
    "platform": "Facebook",
    "date": "2025-07-23",
    "spendActual": 4695890,
    "ordersDelivered": 40,
    "ordersReturned": 4,
    "netRevenue": 16227232,
    "platformFee": 835532,
    "returnFee": 483408
  },
  {
    "id": "159",
    "platform": "Shopee",
    "date": "2025-07-23",
    "spendActual": 2294699,
    "ordersDelivered": 41,
    "ordersReturned": 9,
    "netRevenue": 18470622,
    "platformFee": 977327,
    "returnFee": 1075923
  },
  {
    "id": "160",
    "platform": "TikTok",
    "date": "2025-07-24",
    "spendActual": 2787485,
    "ordersDelivered": 21,
    "ordersReturned": 7,
    "netRevenue": 9291975,
    "platformFee": 494316,
    "returnFee": 594363
  },
  {
    "id": "161",
    "platform": "Facebook",
    "date": "2025-07-24",
    "spendActual": 3872107,
    "ordersDelivered": 27,
    "ordersReturned": 1,
    "netRevenue": 7077565,
    "platformFee": 360498,
    "returnFee": 132407
  },
  {
    "id": "162",
    "platform": "Shopee",
    "date": "2025-07-24",
    "spendActual": 3813179,
    "ordersDelivered": 23,
    "ordersReturned": 10,
    "netRevenue": 4385113,
    "platformFee": 246814,
    "returnFee": 551170
  },
  {
    "id": "163",
    "platform": "TikTok",
    "date": "2025-07-25",
    "spendActual": 3184107,
    "ordersDelivered": 37,
    "ordersReturned": 4,
    "netRevenue": 8886324,
    "platformFee": 463062,
    "returnFee": 374924
  },
  {
    "id": "164",
    "platform": "Facebook",
    "date": "2025-07-25",
    "spendActual": 621487,
    "ordersDelivered": 18,
    "ordersReturned": 1,
    "netRevenue": 7528108,
    "platformFee": 379377,
    "returnFee": 59450
  },
  {
    "id": "165",
    "platform": "Shopee",
    "date": "2025-07-25",
    "spendActual": 3033335,
    "ordersDelivered": 13,
    "ordersReturned": 8,
    "netRevenue": 5678936,
    "platformFee": 320200,
    "returnFee": 725072
  },
  {
    "id": "166",
    "platform": "TikTok",
    "date": "2025-07-26",
    "spendActual": 533085,
    "ordersDelivered": 33,
    "ordersReturned": 0,
    "netRevenue": 9665436,
    "platformFee": 483271,
    "returnFee": 0
  },
  {
    "id": "167",
    "platform": "Facebook",
    "date": "2025-07-26",
    "spendActual": 3696364,
    "ordersDelivered": 34,
    "ordersReturned": 9,
    "netRevenue": 15164236,
    "platformFee": 783443,
    "returnFee": 504630
  },
  {
    "id": "168",
    "platform": "Shopee",
    "date": "2025-07-26",
    "spendActual": 4409675,
    "ordersDelivered": 11,
    "ordersReturned": 6,
    "netRevenue": 2784311,
    "platformFee": 164525,
    "returnFee": 506196
  },
  {
    "id": "169",
    "platform": "TikTok",
    "date": "2025-07-27",
    "spendActual": 4713241,
    "ordersDelivered": 25,
    "ordersReturned": 8,
    "netRevenue": 7289849,
    "platformFee": 394521,
    "returnFee": 600576
  },
  {
    "id": "170",
    "platform": "Facebook",
    "date": "2025-07-27",
    "spendActual": 4248377,
    "ordersDelivered": 36,
    "ordersReturned": 6,
    "netRevenue": 7902630,
    "platformFee": 427487,
    "returnFee": 647118
  },
  {
    "id": "171",
    "platform": "Shopee",
    "date": "2025-07-27",
    "spendActual": 857966,
    "ordersDelivered": 43,
    "ordersReturned": 3,
    "netRevenue": 9955497,
    "platformFee": 509401,
    "returnFee": 232536
  },
  {
    "id": "172",
    "platform": "TikTok",
    "date": "2025-07-28",
    "spendActual": 1039453,
    "ordersDelivered": 31,
    "ordersReturned": 9,
    "netRevenue": 10980003,
    "platformFee": 573098,
    "returnFee": 481968
  },
  {
    "id": "173",
    "platform": "Facebook",
    "date": "2025-07-28",
    "spendActual": 2508504,
    "ordersDelivered": 32,
    "ordersReturned": 8,
    "netRevenue": 8719776,
    "platformFee": 470788,
    "returnFee": 696000
  },
  {
    "id": "174",
    "platform": "Shopee",
    "date": "2025-07-28",
    "spendActual": 2448091,
    "ordersDelivered": 36,
    "ordersReturned": 8,
    "netRevenue": 10339576,
    "platformFee": 539755,
    "returnFee": 455528
  },
  {
    "id": "175",
    "platform": "TikTok",
    "date": "2025-07-29",
    "spendActual": 3467026,
    "ordersDelivered": 23,
    "ordersReturned": 5,
    "netRevenue": 5881498,
    "platformFee": 310426,
    "returnFee": 327030
  },
  {
    "id": "176",
    "platform": "Facebook",
    "date": "2025-07-29",
    "spendActual": 1979892,
    "ordersDelivered": 12,
    "ordersReturned": 4,
    "netRevenue": 2563160,
    "platformFee": 140276,
    "returnFee": 242368
  },
  {
    "id": "177",
    "platform": "Shopee",
    "date": "2025-07-29",
    "spendActual": 4419240,
    "ordersDelivered": 31,
    "ordersReturned": 5,
    "netRevenue": 10414358,
    "platformFee": 549502,
    "returnFee": 575700
  },
  {
    "id": "178",
    "platform": "TikTok",
    "date": "2025-07-30",
    "spendActual": 4765684,
    "ordersDelivered": 37,
    "ordersReturned": 4,
    "netRevenue": 15331169,
    "platformFee": 791994,
    "returnFee": 508716
  },
  {
    "id": "179",
    "platform": "Facebook",
    "date": "2025-07-30",
    "spendActual": 4697053,
    "ordersDelivered": 38,
    "ordersReturned": 4,
    "netRevenue": 11522060,
    "platformFee": 594947,
    "returnFee": 376880
  },
  {
    "id": "180",
    "platform": "Shopee",
    "date": "2025-07-30",
    "spendActual": 1791035,
    "ordersDelivered": 38,
    "ordersReturned": 0,
    "netRevenue": 14379428,
    "platformFee": 718971,
    "returnFee": 0
  },
  {
    "id": "181",
    "platform": "TikTok",
    "date": "2025-07-31",
    "spendActual": 3256005,
    "ordersDelivered": 33,
    "ordersReturned": 2,
    "netRevenue": 14192539,
    "platformFee": 723833,
    "returnFee": 284132
  },
  {
    "id": "182",
    "platform": "Facebook",
    "date": "2025-07-31",
    "spendActual": 3671751,
    "ordersDelivered": 24,
    "ordersReturned": 1,
    "netRevenue": 5275868,
    "platformFee": 269115,
    "returnFee": 106444
  },
  {
    "id": "183",
    "platform": "Shopee",
    "date": "2025-07-31",
    "spendActual": 2075529,
    "ordersDelivered": 29,
    "ordersReturned": 10,
    "netRevenue": 9403619,
    "platformFee": 534079,
    "returnFee": 1277980
  },
  {
    "id": "184",
    "platform": "TikTok",
    "date": "2025-08-01",
    "spendActual": 3180241,
    "ordersDelivered": 31,
    "ordersReturned": 9,
    "netRevenue": 8679623,
    "platformFee": 461659,
    "returnFee": 553572
  },
  {
    "id": "185",
    "platform": "Facebook",
    "date": "2025-08-01",
    "spendActual": 3070212,
    "ordersDelivered": 19,
    "ordersReturned": 8,
    "netRevenue": 6577734,
    "platformFee": 358265,
    "returnFee": 587584
  },
  {
    "id": "186",
    "platform": "Shopee",
    "date": "2025-08-01",
    "spendActual": 3380535,
    "ordersDelivered": 42,
    "ordersReturned": 3,
    "netRevenue": 15001410,
    "platformFee": 770578,
    "returnFee": 410154
  },
  {
    "id": "187",
    "platform": "TikTok",
    "date": "2025-08-02",
    "spendActual": 2993521,
    "ordersDelivered": 27,
    "ordersReturned": 10,
    "netRevenue": 9313426,
    "platformFee": 536055,
    "returnFee": 1407680
  },
  {
    "id": "188",
    "platform": "Facebook",
    "date": "2025-08-02",
    "spendActual": 4287652,
    "ordersDelivered": 15,
    "ordersReturned": 9,
    "netRevenue": 6509487,
    "platformFee": 371960,
    "returnFee": 929718
  },
  {
    "id": "189",
    "platform": "Shopee",
    "date": "2025-08-02",
    "spendActual": 3593734,
    "ordersDelivered": 18,
    "ordersReturned": 9,
    "netRevenue": 3488994,
    "platformFee": 217480,
    "returnFee": 860616
  },
  {
    "id": "190",
    "platform": "TikTok",
    "date": "2025-08-03",
    "spendActual": 2518764,
    "ordersDelivered": 32,
    "ordersReturned": 4,
    "netRevenue": 6979232,
    "platformFee": 372108,
    "returnFee": 462944
  },
  {
    "id": "191",
    "platform": "Facebook",
    "date": "2025-08-03",
    "spendActual": 3881204,
    "ordersDelivered": 36,
    "ordersReturned": 10,
    "netRevenue": 14081952,
    "platformFee": 732342,
    "returnFee": 564900
  },
  {
    "id": "192",
    "platform": "Shopee",
    "date": "2025-08-03",
    "spendActual": 4834812,
    "ordersDelivered": 10,
    "ordersReturned": 6,
    "netRevenue": 2610458,
    "platformFee": 175304,
    "returnFee": 895632
  },
  {
    "id": "193",
    "platform": "TikTok",
    "date": "2025-08-04",
    "spendActual": 795151,
    "ordersDelivered": 46,
    "ordersReturned": 0,
    "netRevenue": 10603460,
    "platformFee": 530173,
    "returnFee": 0
  },
  {
    "id": "194",
    "platform": "Facebook",
    "date": "2025-08-04",
    "spendActual": 4163298,
    "ordersDelivered": 16,
    "ordersReturned": 9,
    "netRevenue": 7024967,
    "platformFee": 386485,
    "returnFee": 704745
  },
  {
    "id": "195",
    "platform": "Shopee",
    "date": "2025-08-04",
    "spendActual": 1806323,
    "ordersDelivered": 14,
    "ordersReturned": 8,
    "netRevenue": 2529738,
    "platformFee": 175758,
    "returnFee": 985424
  },
  {
    "id": "196",
    "platform": "TikTok",
    "date": "2025-08-05",
    "spendActual": 809921,
    "ordersDelivered": 38,
    "ordersReturned": 2,
    "netRevenue": 15020352,
    "platformFee": 761698,
    "returnFee": 213620
  },
  {
    "id": "197",
    "platform": "Facebook",
    "date": "2025-08-05",
    "spendActual": 685967,
    "ordersDelivered": 39,
    "ordersReturned": 7,
    "netRevenue": 8399530,
    "platformFee": 451224,
    "returnFee": 624953
  },
  {
    "id": "198",
    "platform": "Shopee",
    "date": "2025-08-05",
    "spendActual": 2114696,
    "ordersDelivered": 41,
    "ordersReturned": 3,
    "netRevenue": 12846861,
    "platformFee": 651272,
    "returnFee": 178593
  },
  {
    "id": "199",
    "platform": "TikTok",
    "date": "2025-08-06",
    "spendActual": 3211228,
    "ordersDelivered": 12,
    "ordersReturned": 8,
    "netRevenue": 2059008,
    "platformFee": 132686,
    "returnFee": 594720
  },
  {
    "id": "200",
    "platform": "Facebook",
    "date": "2025-08-06",
    "spendActual": 1370304,
    "ordersDelivered": 21,
    "ordersReturned": 6,
    "netRevenue": 9648600,
    "platformFee": 517689,
    "returnFee": 705198
  },
  {
    "id": "201",
    "platform": "Shopee",
    "date": "2025-08-06",
    "spendActual": 4823063,
    "ordersDelivered": 7,
    "ordersReturned": 9,
    "netRevenue": 842125,
    "platformFee": 85342,
    "returnFee": 864720
  },
  {
    "id": "202",
    "platform": "TikTok",
    "date": "2025-08-07",
    "spendActual": 2479620,
    "ordersDelivered": 41,
    "ordersReturned": 5,
    "netRevenue": 9789713,
    "platformFee": 515345,
    "returnFee": 517195
  },
  {
    "id": "203",
    "platform": "Facebook",
    "date": "2025-08-07",
    "spendActual": 1596537,
    "ordersDelivered": 9,
    "ordersReturned": 5,
    "netRevenue": 2900394,
    "platformFee": 165753,
    "returnFee": 414675
  },
  {
    "id": "204",
    "platform": "Shopee",
    "date": "2025-08-07",
    "spendActual": 4260805,
    "ordersDelivered": 23,
    "ordersReturned": 0,
    "netRevenue": 10380199,
    "platformFee": 519009,
    "returnFee": 0
  },
  {
    "id": "205",
    "platform": "TikTok",
    "date": "2025-08-08",
    "spendActual": 1990706,
    "ordersDelivered": 29,
    "ordersReturned": 6,
    "netRevenue": 11468823,
    "platformFee": 592709,
    "returnFee": 385362
  },
  {
    "id": "206",
    "platform": "Facebook",
    "date": "2025-08-08",
    "spendActual": 4532557,
    "ordersDelivered": 9,
    "ordersReturned": 1,
    "netRevenue": 2482434,
    "platformFee": 128409,
    "returnFee": 85752
  },
  {
    "id": "207",
    "platform": "Shopee",
    "date": "2025-08-08",
    "spendActual": 2112486,
    "ordersDelivered": 30,
    "ordersReturned": 1,
    "netRevenue": 11138578,
    "platformFee": 563752,
    "returnFee": 136472
  },
  {
    "id": "208",
    "platform": "TikTok",
    "date": "2025-08-09",
    "spendActual": 625339,
    "ordersDelivered": 5,
    "ordersReturned": 8,
    "netRevenue": 64177,
    "platformFee": 58397,
    "returnFee": 1103768
  },
  {
    "id": "209",
    "platform": "Facebook",
    "date": "2025-08-09",
    "spendActual": 4123524,
    "ordersDelivered": 12,
    "ordersReturned": 6,
    "netRevenue": 3831984,
    "platformFee": 217102,
    "returnFee": 510072
  },
  {
    "id": "210",
    "platform": "Shopee",
    "date": "2025-08-09",
    "spendActual": 3107945,
    "ordersDelivered": 42,
    "ordersReturned": 3,
    "netRevenue": 12968835,
    "platformFee": 660891,
    "returnFee": 248985
  },
  {
    "id": "211",
    "platform": "TikTok",
    "date": "2025-08-10",
    "spendActual": 3256685,
    "ordersDelivered": 10,
    "ordersReturned": 5,
    "netRevenue": 2564970,
    "platformFee": 159666,
    "returnFee": 628350
  },
  {
    "id": "212",
    "platform": "Facebook",
    "date": "2025-08-10",
    "spendActual": 4394237,
    "ordersDelivered": 36,
    "ordersReturned": 1,
    "netRevenue": 15731948,
    "platformFee": 791380,
    "returnFee": 95668
  },
  {
    "id": "213",
    "platform": "Shopee",
    "date": "2025-08-10",
    "spendActual": 3084985,
    "ordersDelivered": 30,
    "ordersReturned": 4,
    "netRevenue": 9604700,
    "platformFee": 494163,
    "returnFee": 278560
  },
  {
    "id": "214",
    "platform": "TikTok",
    "date": "2025-08-11",
    "spendActual": 3233483,
    "ordersDelivered": 28,
    "ordersReturned": 0,
    "netRevenue": 10866996,
    "platformFee": 543349,
    "returnFee": 0
  },
  {
    "id": "215",
    "platform": "Facebook",
    "date": "2025-08-11",
    "spendActual": 3006284,
    "ordersDelivered": 37,
    "ordersReturned": 4,
    "netRevenue": 17699845,
    "platformFee": 910542,
    "returnFee": 511000
  },
  {
    "id": "216",
    "platform": "Shopee",
    "date": "2025-08-11",
    "spendActual": 3142387,
    "ordersDelivered": 50,
    "ordersReturned": 7,
    "netRevenue": 20301090,
    "platformFee": 1045200,
    "returnFee": 602910
  },
  {
    "id": "217",
    "platform": "TikTok",
    "date": "2025-08-12",
    "spendActual": 2737585,
    "ordersDelivered": 9,
    "ordersReturned": 4,
    "netRevenue": 2828747,
    "platformFee": 164217,
    "returnFee": 455596
  },
  {
    "id": "218",
    "platform": "Facebook",
    "date": "2025-08-12",
    "spendActual": 4368408,
    "ordersDelivered": 40,
    "ordersReturned": 8,
    "netRevenue": 12794968,
    "platformFee": 691694,
    "returnFee": 1038912
  },
  {
    "id": "219",
    "platform": "Shopee",
    "date": "2025-08-12",
    "spendActual": 3742702,
    "ordersDelivered": 8,
    "ordersReturned": 3,
    "netRevenue": 2589709,
    "platformFee": 145630,
    "returnFee": 322899
  },
  {
    "id": "220",
    "platform": "TikTok",
    "date": "2025-08-13",
    "spendActual": 3542742,
    "ordersDelivered": 25,
    "ordersReturned": 4,
    "netRevenue": 9228498,
    "platformFee": 482462,
    "returnFee": 420752
  },
  {
    "id": "221",
    "platform": "Facebook",
    "date": "2025-08-13",
    "spendActual": 1429551,
    "ordersDelivered": 24,
    "ordersReturned": 3,
    "netRevenue": 9138867,
    "platformFee": 471409,
    "returnFee": 289317
  },
  {
    "id": "222",
    "platform": "Shopee",
    "date": "2025-08-13",
    "spendActual": 3781823,
    "ordersDelivered": 19,
    "ordersReturned": 8,
    "netRevenue": 3570512,
    "platformFee": 206324,
    "returnFee": 555984
  },
  {
    "id": "223",
    "platform": "TikTok",
    "date": "2025-08-14",
    "spendActual": 4687229,
    "ordersDelivered": 12,
    "ordersReturned": 10,
    "netRevenue": 2600894,
    "platformFee": 166384,
    "returnFee": 726790
  },
  {
    "id": "224",
    "platform": "Facebook",
    "date": "2025-08-14",
    "spendActual": 2910521,
    "ordersDelivered": 33,
    "ordersReturned": 6,
    "netRevenue": 15025863,
    "platformFee": 794387,
    "returnFee": 861888
  },
  {
    "id": "225",
    "platform": "Shopee",
    "date": "2025-08-14",
    "spendActual": 3414964,
    "ordersDelivered": 29,
    "ordersReturned": 4,
    "netRevenue": 11046620,
    "platformFee": 566329,
    "returnFee": 279968
  },
  {
    "id": "226",
    "platform": "TikTok",
    "date": "2025-08-15",
    "spendActual": 973879,
    "ordersDelivered": 50,
    "ordersReturned": 0,
    "netRevenue": 14118650,
    "platformFee": 705932,
    "returnFee": 0
  },
  {
    "id": "227",
    "platform": "Facebook",
    "date": "2025-08-15",
    "spendActual": 3570883,
    "ordersDelivered": 26,
    "ordersReturned": 6,
    "netRevenue": 4766062,
    "platformFee": 268388,
    "returnFee": 601716
  },
  {
    "id": "228",
    "platform": "Shopee",
    "date": "2025-08-15",
    "spendActual": 4846811,
    "ordersDelivered": 22,
    "ordersReturned": 0,
    "netRevenue": 9209970,
    "platformFee": 460498,
    "returnFee": 0
  },
  {
    "id": "229",
    "platform": "TikTok",
    "date": "2025-08-16",
    "spendActual": 1954789,
    "ordersDelivered": 49,
    "ordersReturned": 8,
    "netRevenue": 22497165,
    "platformFee": 1159509,
    "returnFee": 693016
  },
  {
    "id": "230",
    "platform": "Facebook",
    "date": "2025-08-16",
    "spendActual": 2545685,
    "ordersDelivered": 32,
    "ordersReturned": 8,
    "netRevenue": 13817960,
    "platformFee": 739732,
    "returnFee": 976696
  },
  {
    "id": "231",
    "platform": "Shopee",
    "date": "2025-08-16",
    "spendActual": 2492919,
    "ordersDelivered": 47,
    "ordersReturned": 1,
    "netRevenue": 22057630,
    "platformFee": 1107171,
    "returnFee": 85809
  },
  {
    "id": "232",
    "platform": "TikTok",
    "date": "2025-08-17",
    "spendActual": 3831600,
    "ordersDelivered": 14,
    "ordersReturned": 3,
    "netRevenue": 5858405,
    "platformFee": 311896,
    "returnFee": 379533
  },
  {
    "id": "233",
    "platform": "Facebook",
    "date": "2025-08-17",
    "spendActual": 2053250,
    "ordersDelivered": 14,
    "ordersReturned": 4,
    "netRevenue": 5268212,
    "platformFee": 275248,
    "returnFee": 236756
  },
  {
    "id": "234",
    "platform": "Shopee",
    "date": "2025-08-17",
    "spendActual": 3097206,
    "ordersDelivered": 23,
    "ordersReturned": 1,
    "netRevenue": 5028536,
    "platformFee": 256453,
    "returnFee": 100533
  },
  {
    "id": "235",
    "platform": "TikTok",
    "date": "2025-08-18",
    "spendActual": 2715481,
    "ordersDelivered": 29,
    "ordersReturned": 10,
    "netRevenue": 8736368,
    "platformFee": 471397,
    "returnFee": 691590
  },
  {
    "id": "236",
    "platform": "Facebook",
    "date": "2025-08-18",
    "spendActual": 3847106,
    "ordersDelivered": 34,
    "ordersReturned": 8,
    "netRevenue": 13695902,
    "platformFee": 723769,
    "returnFee": 779496
  },
  {
    "id": "237",
    "platform": "Shopee",
    "date": "2025-08-18",
    "spendActual": 4731369,
    "ordersDelivered": 49,
    "ordersReturned": 7,
    "netRevenue": 21913178,
    "platformFee": 1114078,
    "returnFee": 368396
  },
  {
    "id": "238",
    "platform": "TikTok",
    "date": "2025-08-19",
    "spendActual": 1017035,
    "ordersDelivered": 35,
    "ordersReturned": 1,
    "netRevenue": 13588353,
    "platformFee": 682493,
    "returnFee": 61507
  },
  {
    "id": "239",
    "platform": "Facebook",
    "date": "2025-08-19",
    "spendActual": 1910046,
    "ordersDelivered": 30,
    "ordersReturned": 3,
    "netRevenue": 11764815,
    "platformFee": 610705,
    "returnFee": 449295
  },
  {
    "id": "240",
    "platform": "Shopee",
    "date": "2025-08-19",
    "spendActual": 1553455,
    "ordersDelivered": 26,
    "ordersReturned": 9,
    "netRevenue": 5600110,
    "platformFee": 338370,
    "returnFee": 1167300
  },
  {
    "id": "241",
    "platform": "TikTok",
    "date": "2025-08-20",
    "spendActual": 1722995,
    "ordersDelivered": 48,
    "ordersReturned": 1,
    "netRevenue": 10265253,
    "platformFee": 519744,
    "returnFee": 129627
  },
  {
    "id": "242",
    "platform": "Facebook",
    "date": "2025-08-20",
    "spendActual": 1752105,
    "ordersDelivered": 38,
    "ordersReturned": 6,
    "netRevenue": 13938358,
    "platformFee": 723544,
    "returnFee": 532536
  },
  {
    "id": "243",
    "platform": "Shopee",
    "date": "2025-08-20",
    "spendActual": 1928086,
    "ordersDelivered": 31,
    "ordersReturned": 4,
    "netRevenue": 9758106,
    "platformFee": 499561,
    "returnFee": 233132
  },
  {
    "id": "244",
    "platform": "TikTok",
    "date": "2025-08-21",
    "spendActual": 4048903,
    "ordersDelivered": 28,
    "ordersReturned": 3,
    "netRevenue": 9663288,
    "platformFee": 504142,
    "returnFee": 419568
  },
  {
    "id": "245",
    "platform": "Facebook",
    "date": "2025-08-21",
    "spendActual": 2947820,
    "ordersDelivered": 23,
    "ordersReturned": 1,
    "netRevenue": 6263311,
    "platformFee": 317702,
    "returnFee": 90738
  },
  {
    "id": "246",
    "platform": "Shopee",
    "date": "2025-08-21",
    "spendActual": 4495406,
    "ordersDelivered": 25,
    "ordersReturned": 6,
    "netRevenue": 9742836,
    "platformFee": 532012,
    "returnFee": 897414
  },
  {
    "id": "247",
    "platform": "TikTok",
    "date": "2025-08-22",
    "spendActual": 3407819,
    "ordersDelivered": 22,
    "ordersReturned": 0,
    "netRevenue": 4740120,
    "platformFee": 237006,
    "returnFee": 0
  },
  {
    "id": "248",
    "platform": "Facebook",
    "date": "2025-08-22",
    "spendActual": 3851159,
    "ordersDelivered": 41,
    "ordersReturned": 1,
    "netRevenue": 12416553,
    "platformFee": 623370,
    "returnFee": 50850
  },
  {
    "id": "249",
    "platform": "Shopee",
    "date": "2025-08-22",
    "spendActual": 1282922,
    "ordersDelivered": 28,
    "ordersReturned": 1,
    "netRevenue": 12103013,
    "platformFee": 610772,
    "returnFee": 112435
  },
  {
    "id": "250",
    "platform": "TikTok",
    "date": "2025-08-23",
    "spendActual": 4895690,
    "ordersDelivered": 21,
    "ordersReturned": 5,
    "netRevenue": 5271413,
    "platformFee": 284112,
    "returnFee": 410830
  },
  {
    "id": "251",
    "platform": "Facebook",
    "date": "2025-08-23",
    "spendActual": 2415689,
    "ordersDelivered": 8,
    "ordersReturned": 1,
    "netRevenue": 2394570,
    "platformFee": 122978,
    "returnFee": 64990
  },
  {
    "id": "252",
    "platform": "Shopee",
    "date": "2025-08-23",
    "spendActual": 2532991,
    "ordersDelivered": 14,
    "ordersReturned": 2,
    "netRevenue": 5076114,
    "platformFee": 262088,
    "returnFee": 165654
  },
  {
    "id": "253",
    "platform": "TikTok",
    "date": "2025-08-24",
    "spendActual": 1781872,
    "ordersDelivered": 10,
    "ordersReturned": 5,
    "netRevenue": 3191780,
    "platformFee": 187753,
    "returnFee": 563280
  },
  {
    "id": "254",
    "platform": "Facebook",
    "date": "2025-08-24",
    "spendActual": 913188,
    "ordersDelivered": 46,
    "ordersReturned": 6,
    "netRevenue": 19537264,
    "platformFee": 995920,
    "returnFee": 381150
  },
  {
    "id": "255",
    "platform": "Shopee",
    "date": "2025-08-24",
    "spendActual": 4561641,
    "ordersDelivered": 28,
    "ordersReturned": 6,
    "netRevenue": 7744176,
    "platformFee": 432024,
    "returnFee": 896316
  },
  {
    "id": "256",
    "platform": "TikTok",
    "date": "2025-08-25",
    "spendActual": 3106242,
    "ordersDelivered": 50,
    "ordersReturned": 1,
    "netRevenue": 21508859,
    "platformFee": 1081090,
    "returnFee": 112941
  },
  {
    "id": "257",
    "platform": "Facebook",
    "date": "2025-08-25",
    "spendActual": 3236016,
    "ordersDelivered": 9,
    "ordersReturned": 1,
    "netRevenue": 3479287,
    "platformFee": 177210,
    "returnFee": 64913
  },
  {
    "id": "258",
    "platform": "Shopee",
    "date": "2025-08-25",
    "spendActual": 4301240,
    "ordersDelivered": 21,
    "ordersReturned": 4,
    "netRevenue": 3796479,
    "platformFee": 210469,
    "returnFee": 412908
  },
  {
    "id": "259",
    "platform": "TikTok",
    "date": "2025-08-26",
    "spendActual": 3567789,
    "ordersDelivered": 11,
    "ordersReturned": 5,
    "netRevenue": 2637282,
    "platformFee": 148550,
    "returnFee": 333730
  },
  {
    "id": "260",
    "platform": "Facebook",
    "date": "2025-08-26",
    "spendActual": 3793685,
    "ordersDelivered": 43,
    "ordersReturned": 3,
    "netRevenue": 11976561,
    "platformFee": 616948,
    "returnFee": 362418
  },
  {
    "id": "261",
    "platform": "Shopee",
    "date": "2025-08-26",
    "spendActual": 1417369,
    "ordersDelivered": 31,
    "ordersReturned": 6,
    "netRevenue": 14024338,
    "platformFee": 719891,
    "returnFee": 373488
  },
  {
    "id": "262",
    "platform": "TikTok",
    "date": "2025-08-27",
    "spendActual": 4518729,
    "ordersDelivered": 45,
    "ordersReturned": 5,
    "netRevenue": 20895710,
    "platformFee": 1073232,
    "returnFee": 568930
  },
  {
    "id": "263",
    "platform": "Facebook",
    "date": "2025-08-27",
    "spendActual": 4061551,
    "ordersDelivered": 11,
    "ordersReturned": 4,
    "netRevenue": 2341579,
    "platformFee": 134902,
    "returnFee": 356468
  },
  {
    "id": "264",
    "platform": "Shopee",
    "date": "2025-08-27",
    "spendActual": 1834510,
    "ordersDelivered": 17,
    "ordersReturned": 8,
    "netRevenue": 4485637,
    "platformFee": 258281,
    "returnFee": 680000
  },
  {
    "id": "265",
    "platform": "TikTok",
    "date": "2025-08-28",
    "spendActual": 1237409,
    "ordersDelivered": 24,
    "ordersReturned": 1,
    "netRevenue": 5231808,
    "platformFee": 267818,
    "returnFee": 124560
  },
  {
    "id": "266",
    "platform": "Facebook",
    "date": "2025-08-28",
    "spendActual": 3687002,
    "ordersDelivered": 18,
    "ordersReturned": 8,
    "netRevenue": 7896844,
    "platformFee": 424481,
    "returnFee": 592784
  },
  {
    "id": "267",
    "platform": "Shopee",
    "date": "2025-08-28",
    "spendActual": 1937873,
    "ordersDelivered": 13,
    "ordersReturned": 9,
    "netRevenue": 3249236,
    "platformFee": 189420,
    "returnFee": 539172
  },
  {
    "id": "268",
    "platform": "TikTok",
    "date": "2025-08-29",
    "spendActual": 1401045,
    "ordersDelivered": 27,
    "ordersReturned": 5,
    "netRevenue": 10595751,
    "platformFee": 551992,
    "returnFee": 444090
  },
  {
    "id": "269",
    "platform": "Facebook",
    "date": "2025-08-29",
    "spendActual": 3744339,
    "ordersDelivered": 41,
    "ordersReturned": 6,
    "netRevenue": 17425656,
    "platformFee": 888785,
    "returnFee": 350058
  },
  {
    "id": "270",
    "platform": "Shopee",
    "date": "2025-08-29",
    "spendActual": 1879021,
    "ordersDelivered": 40,
    "ordersReturned": 7,
    "netRevenue": 11315267,
    "platformFee": 596934,
    "returnFee": 623413
  },
  {
    "id": "271",
    "platform": "TikTok",
    "date": "2025-08-30",
    "spendActual": 1460880,
    "ordersDelivered": 29,
    "ordersReturned": 5,
    "netRevenue": 12419712,
    "platformFee": 657695,
    "returnFee": 734195
  },
  {
    "id": "272",
    "platform": "Facebook",
    "date": "2025-08-30",
    "spendActual": 4828868,
    "ordersDelivered": 12,
    "ordersReturned": 2,
    "netRevenue": 4202780,
    "platformFee": 222128,
    "returnFee": 239788
  },
  {
    "id": "273",
    "platform": "Shopee",
    "date": "2025-08-30",
    "spendActual": 3966345,
    "ordersDelivered": 11,
    "ordersReturned": 5,
    "netRevenue": 4367773,
    "platformFee": 232530,
    "returnFee": 282840
  },
  {
    "id": "274",
    "platform": "TikTok",
    "date": "2025-08-31",
    "spendActual": 2497841,
    "ordersDelivered": 33,
    "ordersReturned": 1,
    "netRevenue": 10124261,
    "platformFee": 512645,
    "returnFee": 128641
  },
  {
    "id": "275",
    "platform": "Facebook",
    "date": "2025-08-31",
    "spendActual": 3997659,
    "ordersDelivered": 22,
    "ordersReturned": 0,
    "netRevenue": 9401942,
    "platformFee": 470097,
    "returnFee": 0
  },
  {
    "id": "276",
    "platform": "Shopee",
    "date": "2025-08-31",
    "spendActual": 4975406,
    "ordersDelivered": 16,
    "ordersReturned": 5,
    "netRevenue": 5541163,
    "platformFee": 299842,
    "returnFee": 455685
  }
]